

@book{Bob2008Clean,
  title={Clean Code: A Handbook of Agile Software Craftsmanship},
  author={Martin, Robert C.},
  year={2008},
  publisher={ Prentice Hall},
}

@book{Aniche2015Ninjas,
  title={Orientação a Objetos e SOLID para Ninjas},
  author={Mauricio Aniche},
  year={2015},
  publisher={Casa do Código},
}

